@misc{javamemberfield,
      howpublished = {\url{http://www.hpenterprisesecurity.com/vulncat/en/vulncat/java/singleton_member_field_race_condition.html}},
      note = {Accessed Sep 15, 2014},
      title = "Race Condition: Singleton Member Field",
      author = {HP Enterprise Security}
}

@misc{singlethreadmodel,
      howpublished = {\url{http://repo.hackerzvoice.net/depot_madchat/ebooks/Oreilly_Nutshells/books/javaenterprise/servlet/ch03_04.htm}},
      note = {Accessed Sep 15, 2014},
      title = "Java Servlet Programming - 3.4 Single-Thread Model",
      author = {Niki A. Rahimi}
}
